% 関連研究
@article{Agrawal:1993:MAR:170036.170072,
 author = {Agrawal, Rakesh and Imieli\'{n}ski, Tomasz and Swami, Arun},
 title = {Mining Association Rules Between Sets of Items in Large Databases},
 journal = {SIGMOD Rec.},
 issue_date = {June 1, 1993},
 volume = {22},
 number = {2},
 month = jun,
 year = {1993},
 issn = {0163-5808},
 pages = {207--216},
 numpages = {10},
 url = {http://doi.acm.org/10.1145/170036.170072},
 doi = {10.1145/170036.170072},
 acmid = {170072},
 publisher = {ACM},
 address = {New York, NY, USA},
} 

@inproceedings{Agrawal:1994:FAM:645920.672836,
 author = {Agrawal, Rakesh and Srikant, Ramakrishnan},
 title = {Fast Algorithms for Mining Association Rules in Large Databases},
 booktitle = {Proceedings of the 20th International Conference on Very Large Data Bases},
 series = {VLDB '94},
 year = {1994},
 isbn = {1-55860-153-8},
 pages = {487--499},
 numpages = {13},
 url = {http://dl.acm.org/citation.cfm?id=645920.672836},
 acmid = {672836},
 publisher = {Morgan Kaufmann Publishers Inc.},
 address = {San Francisco, CA, USA},
}

@inproceedings{Srikant:1996:MSP:645337.650382,
 author = {Srikant, Ramakrishnan and Agrawal, Rakesh},
 title = {Mining Sequential Patterns: Generalizations and Performance Improvements},
 booktitle = {Proceedings of the 5th International Conference on Extending Database Technology: Advances in Database Technology},
 series = {EDBT '96},
 year = {1996},
 isbn = {3-540-61057-X},
 pages = {3--17},
 numpages = {15},
 url = {http://dl.acm.org/citation.cfm?id=645337.650382},
 acmid = {650382},
 publisher = {Springer-Verlag},
 address = {London, UK, UK},
} 

@article{Zaki:2001:SEA:599609.599626,
 author = {Zaki, Mohammed J.},
 title = {SPADE: An Efficient Algorithm for Mining Frequent Sequences},
 journal = {Mach. Learn.},
 issue_date = {January-February 2001},
 volume = {42},
 number = {1-2},
 month = jan,
 year = {2001},
 issn = {0885-6125},
 pages = {31--60},
 numpages = {30},
 url = {http://dx.doi.org/10.1023/A:1007652502315},
 doi = {10.1023/A:1007652502315},
 acmid = {599626},
 publisher = {Kluwer Academic Publishers},
 address = {Hingham, MA, USA},
 keywords = {data mining, frequent patterns, knowledge discovery, sequence mining, sequential patterns},
} 

@inproceedings{citeulike:3407300,
    address = {New York, NY, USA},
    author = {Ayres, Jay and Flannick, Jason and Gehrke, Johannes and Yiu, Tomi},
    booktitle = {Proceedings of the ACM International Conference on Knowledge Discovery and Data Mining (KDD '02 )},
    isbn = {1-58113-567-X},
    keywords = {sequential\_pattern},
    location = {Edmonton, Alberta, Canada},
    pages = {429--435},
    priority = {3},
    publisher = {ACM},
    series = {KDD '02},
    title = {{Sequential PAttern mining using a bitmap representation}},
    url = {http://dx.doi.org/10.1145/775047.775109},
    year = {2002},
}




@inproceedings{2001:PMS:876881.879716,
    author = {Jian Pei and Jiawei Han and Behzad Mortazavi-asl and Helen Pinto and Qiming Chen and Umeshwar Dayal and Mei-chun Hsu},
    title = {PrefixSpan: Mining Sequential Patterns Efficiently by Prefix-Projected Pattern Growth},
    booktitle = {},
    year = {2001},
    pages = {215--224},
} 


@inproceedings{Kitakami:2002:MPM:646966.759862,
 author = {Kitakami, Hajime and Kanbara, Tomoki and Mori, Yasuma and Kuroki, Susumu and Yamazaki, Yukiko},
 title = {Modified PrefixSpan Method for Motif Discovery in Sequence Databases},
 booktitle = {Proceedings of the 7th Pacific Rim International Conference on Artificial Intelligence: Trends in Artificial Intelligence},
 series = {PRICAI '02},
 year = {2002},
 isbn = {3-540-44038-0},
 pages = {482--491},
 numpages = {10},
 url = {http://dl.acm.org/citation.cfm?id=646966.759862},
 acmid = {759862},
 publisher = {Springer-Verlag},
 address = {London, UK, UK},
} 

 
@inproceedings{Soderland:1995:CIC:1643031.1643069,
 author = {Soderland, Stephen and Fisher, David and Aseltine, Jonathan and Lehnert, Wendy},
 title = {CRYSTAL Inducing a Conceptual Dictionary},
 booktitle = {Proceedings of the 14th International Joint Conference on Artificial Intelligence - Volume 2},
 series = {IJCAI'95},
 year = {1995},
 isbn = {1-55860-363-8},
 location = {Montreal, Quebec, Canada},
 pages = {1314--1319},
 numpages = {6},
 url = {http://dl.acm.org/citation.cfm?id=1643031.1643069},
 acmid = {1643069},
 publisher = {Morgan Kaufmann Publishers Inc.},
 address = {San Francisco, CA, USA},
} 


@article{Soderland:1999:LIE:309497.309510,
 author = {Soderland, Stephen},
 title = {Learning Information Extraction Rules for Semi-Structured and Free Text},
 journal = {Mach. Learn.},
 issue_date = {Feb. 1999},
 volume = {34},
 number = {1-3},
 month = feb,
 year = {1999},
 issn = {0885-6125},
 pages = {233--272},
 numpages = {40},
 url = {http://dx.doi.org/10.1023/A:1007562322031},
 doi = {10.1023/A:1007562322031},
 acmid = {309510},
 publisher = {Kluwer Academic Publishers},
 address = {Hingham, MA, USA},
 keywords = {information extraction, natural language processing, rule learning},
} 

@article{journals/ir/Tanaka-IshiiI07,
  added-at = {2007-09-18T00:00:00.000+0200},
  author = {Tanaka-Ishii, Kumiko and Ishii, Yuichiro},
  biburl = {http://www.bibsonomy.org/bibtex/2cfa0217a6c656c2a95669111f00e4f64/dblp},
  date = {2007-09-18},
  description = {dblp},
  ee = {http://dx.doi.org/10.1007/s10791-006-9021-5},
  interhash = {d32353c4f19c855aab436d2fc06228b6},
  intrahash = {cfa0217a6c656c2a95669111f00e4f64},
  journal = {Inf. Retr.},
  keywords = {dblp},
  number = 3,
  pages = {275-295},
  timestamp = {2007-09-18T00:00:00.000+0200},
  title = {Multilingual phrase-based concordance generation in real-time.},
  url = {http://dblp.uni-trier.de/db/journals/ir/ir10.html#Tanaka-IshiiI07},
  volume = 10,
  year = 2007
}

@book{pattern-grammar,
  author = {Susan Hunston and Gill Francis},
  title = {Pattern Grammar: A Corpus-driven Approach to the Lexical Grammar of English},
  year = {2000},
  publisher = {JOHN BENJAMINS PUBLISHING COMPANY},
  series = {Studies in Corpus Linguistics4}
}

%提案手法
@INPROCEEDINGS{Somenzi99binarydecision,
    author = {Fabio Somenzi},
    title = {Binary Decision Diagrams},
    booktitle = {Calculational System Design, volume 173 of NATO Science Series F: Computer and Systems Sciences},
    year = {1999},
    pages = {303--366},
    publisher = {IOS Press}
}

@book{suffixdd,
  author = {Shuhei Denzumi and Hiroki Arimura and Shinichi Minato},
  title = {Suffix-DDs:
Substring Indices Based on Sequence BDDs for Constrained Sequence Mining},
  booktitle = {TCS Technical Reports},
  year = {2010},
  pages = {TCS-TR-A-10-42}
}

@article{bryant86, 
   Author = {Bryant, Randal},
   Title = {Graph-Based Algorithms for Boolean Function Manipulation},
   Journal = {IEEE Transactions on Computers},
   Volume = {C-35},
   Number = {8},
   Pages = {677--691},
   Month = {August},
   Year = {1986}
} 

@book{Knuth:2009:ACP:1593023,
 author = {Knuth, Donald E.},
 title = {The Art of Computer Programming, Volume 4, Fascicle 1: Bitwise Tricks \& Techniques; Binary Decision Diagrams},
 year = {2009},
 isbn = {0321580508, 9780321580504},
 edition = {12th},
 publisher = {Addison-Wesley Professional},
} 

@inproceedings{Minato:1993:ZBS:157485.164890,
 author = {Minato, Shinichi},
 title = {Zero-suppressed BDDs for Set Manipulation in Combinatorial Problems},
 booktitle = {Proceedings of the 30th International Design Automation Conference},
 series = {DAC '93},
 year = {1993},
 isbn = {0-89791-577-1},
 location = {Dallas, Texas, USA},
 pages = {272--277},
 numpages = {6},
 url = {http://doi.acm.org/10.1145/157485.164890},
 doi = {10.1145/157485.164890},
 acmid = {164890},
 publisher = {ACM},
 address = {New York, NY, USA},
} 

@inproceedings{conf/jsai/KuraiMZ06,
  added-at = {2007-05-21T00:00:00.000+0200},
  author = {Kurai, Ryutaro and Minato, Shinichi and Zeugmann, Thomas},
  biburl = {http://www.bibsonomy.org/bibtex/2f72de26b00a5db68f4a3e630259fcd02/dblp},
  booktitle = {JSAI},
  crossref = {conf/jsai/2006},
  date = {2007-05-21},
  description = {dblp},
  editor = {Washio, Takashi and Satoh, Ken and Takeda, Hideaki and Inokuchi, Akihiro},
  ee = {http://dx.doi.org/10.1007/978-3-540-69902-6_25},
  interhash = {dbe93308c3c61bf2a8b0652960026277},
  intrahash = {f72de26b00a5db68f4a3e630259fcd02},
  isbn = {3-540-69901-5},
  keywords = {dblp},
  pages = {289-300},
  publisher = {Springer},
  series = {Lecture Notes in Computer Science},
  timestamp = {2007-05-21T00:00:00.000+0200},
  title = {N-Gram Analysis Based on Zero-Suppressed BDDs.},
  url = {http://dblp.uni-trier.de/db/conf/jsai/jsai2006.html#KuraiMZ06},
  volume = 4384,
  year = 2006
}


@article{minato:recently-bdd,
  Author = {湊 真一},
  Doi = {10.1587/essfr.4.224},
  Journal = {電子情報通信学会 基礎・境界ソサイエティ Fundamentals Review},
  Number = {3},
  Pages = {224-230},
  Title = {{BDD/ZDD}を基盤とする離散構造と演算処理系の最近の展開},
  Volume = {4},
  Year = {2011},
}

@article{Loekito:2010:BDD:1851388.1851396,
 author = {Loekito, Elsa and Bailey, James and Pei, Jian},
 title = {A Binary Decision Diagram Based Approach for Mining Frequent Subsequences},
 journal = {Knowl. Inf. Syst.},
 issue_date = {August 2010},
 volume = {24},
 number = {2},
 month = aug,
 year = {2010},
 issn = {0219-1377},
 pages = {235--268},
 numpages = {34},
 url = {http://dx.doi.org/10.1007/s10115-009-0252-9},
 doi = {10.1007/s10115-009-0252-9},
 acmid = {1851396},
 publisher = {Springer-Verlag New York, Inc.},
 address = {New York, NY, USA},
 keywords = {Binary decision diagram, Frequent subsequences, SeqBDD, Sequence binary decision diagram},
} 
@inproceedings{Klein:2003:AUP:1075096.1075150,
 author = {Klein, Dan and Manning, Christopher D.},
 title = {Accurate Unlexicalized Parsing},
 booktitle = {Proceedings of the 41st Annual Meeting on Association for Computational Linguistics - Volume 1},
 series = {ACL '03},
 year = {2003},
 location = {Sapporo, Japan},
 pages = {423--430},
 numpages = {8},
 url = {http://dx.doi.org/10.3115/1075096.1075150},
 doi = {10.3115/1075096.1075150},
 acmid = {1075150},
 publisher = {Association for Computational Linguistics},
 address = {Stroudsburg, PA, USA},
} 

@inproceedings{Goldwater:2006:CDU:1220175.1220260,
 author = {Goldwater, Sharon and Griffiths, Thomas L. and Johnson, Mark},
 title = {Contextual Dependencies in Unsupervised Word Segmentation},
 booktitle = {Proceedings of the 21st International Conference on Computational Linguistics and the 44th Annual Meeting of the Association for Computational Linguistics},
 series = {ACL-44},
 year = {2006},
 location = {Sydney, Australia},
 pages = {673--680},
 numpages = {8},
 url = {http://dx.doi.org/10.3115/1220175.1220260},
 doi = {10.3115/1220175.1220260},
 acmid = {1220260},
 publisher = {Association for Computational Linguistics},
 address = {Stroudsburg, PA, USA},
} 

@INPROCEEDINGS{MDLchang,
    author = {松原勇介 and 秋葉友良 and 辻井潤一},
    title = {最小記述長原理に基づいた日本語話し言葉の単語分割},
    booktitle = {言語処理学会第13回年次大会発表論文集},
    year = {2007},
}

@InProceedings{D10-1081,
author="Zhikov, Valentin
and Takamura, Hiroya
and Okumura, Manabu",
title="An Efficient Algorithm for Unsupervised Word Segmentation with Branching Entropy and MDL",
booktitle="Proceedings of the 2010 Conference on Empirical Methods in Natural Language Processing",
year="2010",
publisher="Association for Computational Linguistics",
pages="832--842",
location="Cambridge, MA",
url="http://aclweb.org/anthology/D10-1081"
}
